@article{Armstrong:2007_practical_short_pulse,
  title={Practical considerations for high spatial and temporal resolution dynamic transmission electron microscopy},
  author={Armstrong, Michael R and Boyden, Ken and Browning, Nigel D and Campbell, Geoffrey H and Colvin, Jeffrey D and DeHope, William J and Frank, Alan M and Gibson, David J and Hartemann, Fred and Kim, Judy S and others},
  journal={Ultramicroscopy},
  volume={107},
  number={4},
  pages={356--367},
  year={2007},
  publisher={Elsevier}
}

@ARTICLE{Berglund_and_Spicer:1964_3_step_model,
  title={Photoemission studies of copper and silver: theory},
  author={Berglund, Carl Neil and Spicer, WE},
  journal={Physical Review},
  volume={136},
  number={4},
  pages={1030--1044}, 
  year={1964},
  publisher={APS}
}

@ARTICLE{Collin:2005_broadening,
  title={Transverse and longitudinal space-charge-induced broadenings of ultrafast electron packets},
  author={Collin, S. and Merano, M and Gatri, M. and Sonderegger, S. and Renucci, P. and Ganiere, J.-D. and Deveaud, B.},
  journal={Journal of applied physics},
  volume={98},
  number={9},
  pages={094910--094915}, 
  year={2005},
  publisher={AIP Publishing}
}

@article{Degtyareva:1998_gaussian_pileup,
  title={Computer studies on dynamics of ultrashort electron packets in streak tubes and diffractometers},
  author={Degtyareva, Valentina P and Monastyrsky, Mikhail A and Schelev, Mikhail Ya and Tarasov, Victor A},
  journal={Optical Engineering},
  volume={37},
  number={8},
  pages={2227--2232},
  year={1998},
  publisher={International Society for Optics and Photonics}
}

@ARTICLE{Grech:2011_coulomb_explosion,
  title={Coulomb explosion of uniformly charged spheroids},
  author={Grech, M. and Nuter, R. and Mikaberidze, A. and Di Cintio, P. and Gremillet, L. and Lefebvre, E. and Saalmann, U. and Rost, J. M. and Skupin, S.},
  journal={Physical Review E},
  volume={84},
  number={5},
  pages={056404--056414}, 
  year={2011},
  publisher={APS}
}

@article{Grzelakowski:2013_spherical_compression,
  title={Temporal and lateral electron pulse compression by a compact spherical electrostatic capacitor},
  author={Grzelakowski, Krzysztof P and Tromp, Rudolf M},
  journal={Ultramicroscopy},
  volume={130},
  pages={36--43},
  year={2013},
  publisher={Elsevier}
}

@article{Kassier:2009_reflectron,
  title={Achromatic reflectron compressor design for bright pulses in femtosecond electron diffraction},
  author={Kassier, GH and Haupt, K and Erasmus, N and Rohwer, EG and Schwoerer, H},
  journal={Journal of Applied Physics},
  volume={105},
  number={11},
  pages={113111},
  year={2009},
  publisher={AIP Publishing}
}

@article{King:2005_review,
  title={Ultrafast electron microscopy in materials science, biology, and chemistry},
  author={King, Wayne E and Campbell, Geoffrey H and Frank, Alan and Reed, Bryan and Schmerge, John F and Siwick, Bradley J and Stuart, Brent C and Weber, Peter M},
  journal={Journal of Applied Physics},
  volume={97},
  number={11},
  pages={111101},
  year={2005},
  publisher={AIP Publishing}
}

@ARTICLE{Li:2014_single_shot,
  title={Single-shot MeV transmission electron microscopy with picosecond temporal resolution},
  author={Li, R.K. and Musumeci, P.},
  journal={Physical Review Applied},
  volume={2},
  number={2},
  pages={024003--024016}, 
  year={2014},
  publisher={APS}
}

@ARTICLE{Lin:1965_gravitational_uniform_ellipsoid_collapse,
  title={The Gravitational Collapse of a Uniform Spheroid}, 
  author={Lin, C. C. and Mestel, L. and Shu, F. H.},
  journal={The Astrophysical Journal},
  volume={142}, 
  pages={1431--1446}, 
  year={1965}
}

@ARTICLE{Luiten:2004_uniform_ellipsoidal,
  title={How to Realize Uniform Three-Dimensional Ellipsoidal Electron Bunches}, 
  volume={93},    
  DOI={10.1103/physrevlett.93.094802}, 
  number={9},
  pages={094802},
  journal={Physical review letters}, 
  author={Luiten, O. J. and Geer, S. B. Van Der and Loos, M. J. De and Kiewiet, F. B. and Wiel, M. J. Van Der}, 
  year={2004},
  publisher={APS}
}

@article{Miller:2014_review,
  title={Mapping atomic motions with ultrabright electrons: The chemists' Gedanken experiment enters the lab frame},
  author={Miller, RJ Dwayne},
  journal={Annual review of physical chemistry},
  volume={65},
  pages={583--604},
  year={2014},
  publisher={Annual Reviews}
}

@article{Miller:2014_science_review,
  title={Femtosecond crystallography with ultrabright electrons and x-rays: capturing chemistry in action},
  author={Miller, RJ Dwayne},
  journal={Science},
  volume={343},
  number={6175},
  pages={1108--1116},
  year={2014},
  publisher={American Association for the Advancement of Science}
}

@article{Moody:2009_longitudinal_characterization,
  title={Longitudinal phase space characterization of the blow-out regime of rf photoinjector operation},
  author={Moody, JT and Musumeci, P and Gutierrez, MS and Rosenzweig, JB and Scoby, CM},
  journal={Physical Review Special Topics-Accelerators and Beams},
  volume={12},
  number={7},
  pages={070704},
  year={2009},
  publisher={APS}
}

@ARTICLE{Musucemi:2008_generate_uniform_ellipsoid,
  title={Experimental Generation and Characterization of a Uniformly Filled Ellipsoidal Electron-Beam Distributions}, 
  volume={100}, 
  number={24},
  DOI={10.1103/PhysRevLett.100.244801},
  pages={244801},
  journal={Physical review letters}, 
  author={Muscemi, P and Moody, J. T. and England, R. J. and Rosenzweig,J. B. and Tran, T},
  year={2008}
}

@article{van_Oudheusden:2010_rf_compression_experiment,
  title={Compression of subrelativistic space-charge-dominated electron bunches for single-shot femtosecond electron diffraction},
  author={Van Oudheusden, T and Pasmans, PLEM and Van Der Geer, SB and De Loos, MJ and Van Der Wiel, MJ and Luiten, OJ},
  journal={Physical review letters},
  volume={105},
  number={26},
  pages={264801},
  year={2010},
  publisher={APS}
}

@article{van_Oudheusden:2007_rf_compression_theory,
  title={Electron source concept for single-shot sub-100 fs electron diffraction in the 100 keV range},
  author={Van Oudheusden, T and De Jong, EF and Van der Geer, SB and Opâ€™t Root, WPEM and Luiten, OJ and Siwick, BJ},
  journal={Journal of Applied Physics},
  volume={102},
  number={9},
  pages={093501},
  year={2007},
  publisher={AIP Publishing}
}

@ARTICLE{Portman:2013_computational_characterization,
  title={Computational and experimental characterization of high-brightness beams for femtosecond electron imaging and spectroscopy},
  volume={103},
  number={25},
  pages={253115--253118}, 
  DOI={10.1063/1.4855435},
  journal={Applied Physics Letters}, 
  author={Portman, J. and Zhang, H. and Tao, Z. and Makino, K. and Berz, M. and Duxbury, P. M. and Ruan, C.-Y.},
  year={2013},
  publisher={AIP Publishing}
}

@ARTICLE{Portman:2014_image_charge,
  title={Untangling the contributions of image charge and laser profile for optimal photoemission of high-brightness electron beams},
  volume={116},
  number={17},
  pages={174302--174311}, 
  DOI={10.1063/1.4900582},
  journal={Journal of Applied Physics.}, 
  author={Portman, J. and Zhang, H. and Makino, K. and Ruan, C.-Y. and Berz, M. and Duxbury, P. M.},
  year={2014},
  publisher={AIP Publishing}
}

@ARTICLE{Qian:2002_fluid_flow,
  title={Electron Pulse Broadening Due to Space Charge Effects in a Photoelectron Gun for Electron Diffraction and Streak Camera Systems},
  volume={91},
  number={1}, 
  pages={462--468},
  DOI={10.1063/1.1419209},
  journal={Journal of Applied Physics}, 
  author={Qian, Bao-Liang and Elsayed-Ali, Hani E},
  year={2002},
  publisher={AIP Publishing}
}

@article{Qin:2002_longitudinal_compression,
  title={Longitudinal drift compression and pulse shaping for high-intensity particle beams},
  author={Qin, Hong and Davidson, Ronald C},
  journal={Physical Review Special Topics-Accelerators and Beams},
  volume={5},
  number={3},
  pages={034401},
  year={2002},
  publisher={APS}
}

@ARTICLE{Reed:2006_short_pulse_theory,
  title={Femtosecond electron pulse propagation for ultrafast electron diffraction},
  volume={100},
  number={3},
  pages={034916--034931}, 
  DOI={10.1063/1.2227710},
  journal={Journal of Applied Physics}, 
  author={Reed, Brian W.},
  year={2006},
  publisher={AIP Publishing}
}

@techreport{Reed:2007_phase_transition,
  title={Time Resolved Phase Transitions via Dynamic Transmission Electron Microscopy},
  author={Reed, BW and Armstrong, MR and Blobaum, KJ and Browning, ND and Burnham, AK and Campbell, GH and Gee, R and Kim, JS and King, WE and Maiti, A and others},
  year={2007},
  institution={Lawrence Livermore National Laboratory (LLNL), Livermore, CA}
}

@article{Reed:2009_imaging_review,
  title={The evolution of ultrafast electron microscope instrumentation},
  author={Reed, BW and Armstrong, MR and Browning, ND and Campbell, GH and Evans, JE and LaGrange, T and Masiel, DJ},
  journal={Microscopy and microanalysis},
  volume={15},
  number={04},
  pages={272--281},
  year={2009},
  publisher={Cambridge Univ Press}
}

@BOOK{Reiser:1994_book,
    title={Theory and Design of Charged Particle Beams},
    address={New York},
    author={Reiser, Martin},
    year={1994},
    publisher={John Wiley \& Sons}
}

@article{Sciaini:2011_review,
  title={Femtosecond electron diffraction: heralding the era of atomically resolved dynamics},
  author={Sciaini, Germ{\'a}n and Miller, RJ Dwayne},
  journal={Reports on Progress in Physics},
  volume={74},
  number={9},
  pages={096101},
  year={2011},
  publisher={IOP Publishing}
}

@ARTICLE{Siwick:2002_mean_field,
  title={Ultrafast Electron Optics: Propogation dynamics of femtosecond electron packets},
  volume={92},
  number={3},
  pages={1643--1648}, 
  DOI={10.1063/1.1487437},
  journal={Journal of Applied Physics}, 
  author={Siwick, Bradley J. and Dwyer, Jason R. and Jordan, Robert E and Dwayne Miller, R. J.},
  year={2002},
  publisher={AIP Publishing}
}

@article{Valfells:2002_vc_limit,
  title={Effects of pulse-length and emitter area on virtual cathode formation in electron guns},
  author={Valfells, Agust and Feldman, DW and Virgo, M and Oâ€™shea, PG and Lau, YY},
  journal={Physics of Plasmas (1994-present)},
  volume={9},
  number={5},
  pages={2377--2382},
  year={2002},
  publisher={AIP Publishing}
}

@article{Wong:2015_all_optical_compression,
  title={All-optical three-dimensional electron pulse compression},
  author={Wong, Liang Jie and Freelon, Byron and Rohwer, Timm and Gedik, Nuh and Johnson, Steven G},
  journal={New Journal of Physics},
  volume={17},
  number={1},
  pages={013051},
  year={2015},
  publisher={IOP Publishing}
}
